%% Created using Papers on Tue, 07 May 2013.
%% http://mekentosj.com/papers/

@article{Porschke:1971ug,
author = {P{\"o}rschke, D and Eigen, M},
title = {{Co-operative non-enzymic base recognition. 3. Kinetics of the helix-coil transition of the oligoribouridylic--oligoriboadenylic acid system and of oligoriboadenylic acid alone at acidic pH.}},
journal = {J. Mol. Biol.},
year = {1971},
volume = {62},
number = {2},
pages = {361--381},
month = dec
}

@article{Chaires:2008dk,
author = {Chaires, Jonathan B},
title = {{Calorimetry and thermodynamics in drug design.}},
journal = {Annu Rev Biophys},
year = {2008},
volume = {37},
pages = {135--151}
}

@article{Lorenz:2011it,
author = {Lorenz, Ronny and Bernhart, Stephan H and H{\"o}ner Zu Siederdissen, Christian and Tafer, Hakim and Flamm, Christoph and Stadler, Peter F and Hofacker, Ivo L},
title = {{ViennaRNA Package 2.0.}},
journal = {Algorithms Mol Biol},
year = {2011},
volume = {6},
pages = {26}
}

@article{Owczarzy:2011kn,
author = {Owczarzy, Richard and You, Yong and Groth, Christopher L and Tataurov, Andrey V},
title = {{Stability and mismatch discrimination of locked nucleic acid-DNA duplexes.}},
journal = {Biochemistry},
year = {2011},
volume = {50},
number = {43},
pages = {9352--9367},
month = nov
}

@article{SantaLucia:1998uz,
author = {SantaLucia, J},
title = {{A unified view of polymer, dumbbell, and oligonucleotide DNA nearest-neighbor thermodynamics.}},
journal = {Proc Natl Acad Sci USA},
year = {1998},
volume = {95},
number = {4},
pages = {1460--1465},
month = feb
}

@article{Mergny:2003eg,
author = {Mergny, Jean-Louis and Lacroix, Laurent},
title = {{Analysis of thermal melting curves.}},
journal = {Oligonucleotides},
year = {2003},
volume = {13},
number = {6},
pages = {515--537}
}

@article{Hashem:1998kf,
author = {Hashem, G M and Pham, L and Vaughan, M R and Gray, D M},
title = {{Hybrid oligomer duplexes formed with phosphorothioate DNAs: CD spectra and melting temperatures of S-DNA.RNA hybrids are sequence-dependent but consistent with similar heteronomous conformations.}},
journal = {Biochemistry},
year = {1998},
volume = {37},
number = {1},
pages = {61--72},
month = jan
}

@article{Ritz:2005wv,
author = {Ritz, C and Streibig, J C},
title = {{Bioassay analysis using R}},
journal = {Journal of Statistical Software},
year = {2005}
}

@article{McTigue:2004hv,
author = {McTigue, Patricia M and Peterson, Raymond J and Kahn, Jason D},
title = {{Sequence-dependent thermodynamic parameters for locked nucleic acid (LNA)-DNA duplex formation.}},
journal = {Biochemistry},
year = {2004},
volume = {43},
number = {18},
pages = {5388--5405},
month = may
}

@article{Bennett:2010kx,
author = {Bennett, C Frank and Swayze, Eric E},
title = {{RNA Targeting Therapeutics: Molecular Mechanisms of Antisense Oligonucleotides as a Therapeutic Platform}},
journal = {Annu. Rev. Pharmacol. Toxicol.},
year = {2010},
volume = {50},
number = {1},
pages = {259--293},
month = feb
}

@article{Stanton:2012fu,
author = {Stanton, Robert and Sciabola, Simone and Salatto, Christopher and Weng, Yan and Moshinsky, Debra and Little, Jeremy and Walters, Evan and Kreeger, John and Dimattia, Debra and Chen, Tracy and Clark, Tracey and Liu, Mei and Qian, Jessie and Roy, Marc and Dullea, Robert},
title = {{Chemical Modification Study of Antisense Gapmers.}},
journal = {Nucleic Acid Ther},
year = {2012},
volume = {22},
number = {5},
pages = {344--359},
month = aug,
annote = {A 5-10-5 is less active than a 3-10-3.}
}

@article{Yang:2003ja,
author = {Yang, Edward and van Nimwegen, Erik and Zavolan, Mihaela and Rajewsky, Nikolaus and Schroeder, Mark and Magnasco, Marcelo and Darnell, James E},
title = {{Decay rates of human mRNAs: correlation with functional characteristics and sequence attributes.}},
journal = {Genome Res.},
year = {2003},
volume = {13},
number = {8},
pages = {1863--1872},
month = aug
}

@article{Frieden:2003er,
author = {Frieden, M and Christensen, S M and Mikkelsen, N D and Rosenbohm, C and Thrue, C A and Westergaard, M and Hansen, H F and {\O}rum, H and Koch, T},
title = {{Expanding the design horizon of antisense oligonucleotides with alpha‐l‐LNA}},
journal = {Nucleic Acids Res.},
year = {2003},
volume = {31},
number = {21},
pages = {6365--6372}
}

@article{Christensen:2001te,
author = {Christensen, U and Jacobsen, N and Rajwanshi, V K and Wengel, J and Koch, T},
title = {{Stopped-flow kinetics of locked nucleic acid (LNA)-oligonucleotide duplex formation: studies of LNA-DNA and DNA-DNA interactions.}},
journal = {Biochem. J.},
year = {2001},
volume = {354},
number = {Pt 3},
pages = {481--484},
month = mar
}

@article{Janssen:2013dc,
author = {Janssen, Harry L A and Reesink, Hendrik W and Lawitz, Eric J and Zeuzem, Stefan and Rodriguez-Torres, Maribel and Patel, Keyur and van der Meer, Adriaan J and Patick, Amy K and Chen, Alice and Zhou, Yi and Persson, Robert and King, Barney D and Kauppinen, Sakari and Levin, Arthur A and Hodges, Michael R},
title = {{Treatment of HCV infection by targeting microRNA.}},
journal = {N Engl J Med},
year = {2013},
volume = {368},
number = {18},
pages = {1685--1694},
month = may
}

@article{Lima:1992uv,
author = {Lima, Walt F and Monia, Brett P and Ecker, David J and Freier, Susan M},
title = {{Implication of RNA structure on antisense oligonucleotide hybridization kinetics}},
journal = {Biochemistry},
year = {1992},
volume = {31},
number = {48},
pages = {12055--12061}
}

@article{Gillespie:1977dc,
author = {Gillespie, Daniel T},
title = {{Exact stochastic simulation of coupled chemical reactions}},
journal = {The journal of physical chemistry},
year = {1977},
volume = {81},
number = {25},
pages = {2340--2361}
}

@article{Sugimoto:1995tt,
author = {Sugimoto, N and Nakano, S and Katoh, M and Matsumura, A and Nakamuta, H and Ohmichi, T and Yoneyama, M and Sasaki, M},
title = {{Thermodynamic parameters to predict stability of RNA/DNA hybrid duplexes.}},
journal = {Biochemistry},
year = {1995},
volume = {34},
number = {35},
pages = {11211--11216},
month = sep
}

@article{Jo:2009fs,
author = {Jo, Joon-Jung and Kim, Min-Ji and Son, Jung-Tae and Kim, Jandi and Shin, Jong-Shik},
title = {{Single-fluorophore monitoring of DNA hybridization for investigating the effect of secondary structure on the nucleation step.}},
journal = {Biochem Biophys Res Commun},
year = {2009},
volume = {385},
number = {1},
pages = {88--93},
month = jul
}

@article{Rauzan:2013bl,
author = {Rauzan, Brittany and McMichael, Elizabeth and Cave, Rachel and Sevcik, Lesley R and Ostrosky, Kara and Whitman, Elisabeth and Stegemann, Rachel and Sinclair, Audra L and Serra, Martin J and Deckert, Alice A},
title = {{Kinetics and Thermodynamics of DNA, RNA, and Hybrid Duplex Formation}},
journal = {Biochemistry},
year = {2013},
volume = {52},
number = {5},
pages = {765--772},
month = feb
}

@article{Patzel:1997ws,
author = {Patzel, Volker and zu Putlitz, Jasper and Wieland, Stefan and Blum, Hubert E and Sczakiel, Georg},
title = {{Theoretical and experimental selection parameters for HBV-directed antisense RNA are related to increased RNA-RNA annealing}},
journal = {Biological chemistry},
year = {1997},
volume = {378},
number = {6},
pages = {539--544}
}

@article{Hovingh:2013fy,
author = {Hovingh, Kees and Besseling, Joost and Kastelein, John},
title = {{Efficacy and safety of mipomersen sodium (Kynamro).}},
journal = {Expert Opin Drug Saf},
year = {2013},
month = apr
}

@incollection{Swayze:2007ud,
author = {Swayze, Eric E and Bhat, Balkrishen},
title = {{The Medicinal Chemistry of Oligonucleotides}},
booktitle = {Antisense Drug Technology},
year = {2007},
editor = {Crooke, Stanley T},
publisher = {CRC}
}

@article{Jaroszewski:1993wb,
author = {Jaroszewski, J W and Syi, J L and Ghosh, M and Ghosh, K and Cohen, J S},
title = {{Targeting of antisense DNA: comparison of activity of anti-rabbit beta-globin oligodeoxyribonucleoside phosphorothioates with computer predictions of mRNA folding.}},
journal = {Antisense Res. Dev.},
year = {1993},
volume = {3},
number = {4},
pages = {339--348}
}

@article{Amirkhanov:2002vo,
author = {Amirkhanov, N V and Pradeepkumar, P I},
title = {{Kinetic analysis of the RNA cleavage of the conformationally-constrained oxetane-modified antisense-RNA hybrid duplex by RNase H}},
journal = {J Chem Soc},
year = {2002}
}

@book{lodish2008molecular,
author = {Lodish, H},
title = {{Molecular Cell Biology}},
publisher = {W. H. Freeman},
year = {2008}
}

